@book{
	oneill03b,
	author = "Michael O'Neill and Conor Ryan",
	title = "Grammatical Evolution - Evolutionary Automatic Programming in
		an Arbitrary Language",
	publisher = "Kluwer Academic",
	year = 2003,
	volume = "4",
	series = "Genetic Programming",
	address = "",
	edition = "",
	month = "",
	note = "",
	key = ""
}

@misc{
	obermeyer10a,
	author="Fritz Obermeyer",
	title="Jenn3d for Visualizing Coxeter Polytopes",
	howpublished="http://jenn3d.org",
	year= 2010,
	month="June"
}

@inproceedings{
	nicolau2011a,
	author = "Miguel Nicolau and Dan Costelloe",
	title = "Using Grammatical Evolution to Parameterise Interactive 3D
		Image Generation",
	booktitle = "Applications of Evolutionary Computation - EvoApplications
		2011: EvoCOMNET, EvoFIN, EvoHOT, EvoMUSART, EvoSTIM, and
		EvoTRANSLOG, Torino, Italy, April 27-29, 2011, Proceedings,
		Part II",
	year = 2011,
	series = "Lecture Notes in Computer Science",
	volume = "6625",
	editor = "Cecilia {Di Chio} et al.",
	pages = "374--383",
	organization = "",
	publisher = "Springer",
	month = "",
	key = ""
}

@book{
	holland75,
	author = "John H. Holland",
	title = "Adaptation in Natural and Artificial Systems",
	publisher = "University of Michigan Press",
	year = 1975,
	volume = "",
	series = "",
	address = "",
	edition = "",
	month = "",
	note = "",
	key = ""
}

